@article{Athey2018,
   author = {Susan Athey and Guido W. Imbens and Stefan Wager},
   doi = {10.1111/RSSB.12268},
   issn = {1467-9868},
   issue = {4},
   journal = {Journal of the Royal Statistical Society: Series B (Statistical Methodology)},
   keywords = {Causal inference,Potential outcomes,Propensity score,Sparse estimation},
   month = {9},
   pages = {597-623},
   publisher = {Blackwell Publishing Ltd},
   title = {Approximate residual balancing: debiased inference of average treatment effects in high dimensions},
   volume = {80},
   url = {https://onlinelibrary.wiley.com/doi/full/10.1111/rssb.12268 https://onlinelibrary.wiley.com/doi/abs/10.1111/rssb.12268 https://rss.onlinelibrary.wiley.com/doi/10.1111/rssb.12268},
   year = {2018},
}
@article{Shortreed2017,
   author = {Susan M. Shortreed and Ashkan Ertefaie},
   doi = {10.1111/BIOM.12679},
   issn = {1541-0420},
   issue = {4},
   journal = {Biometrics},
   keywords = {Comparative effectiveness,Model selection,Observational studies,Propensity score},
   month = {12},
   pages = {1111-1122},
   pmid = {28273693},
   publisher = {John Wiley & Sons, Ltd},
   title = {Outcome-adaptive lasso: Variable selection for causal inference},
   volume = {73},
   url = {https://onlinelibrary.wiley.com/doi/full/10.1111/biom.12679 https://onlinelibrary.wiley.com/doi/abs/10.1111/biom.12679 https://onlinelibrary.wiley.com/doi/10.1111/biom.12679},
   year = {2017},
}
@article{Rosenbaum1983,
   author = {Paul R. Rosenbaum and Donald B. Rubin},
   doi = {10.1093/BIOMET/70.1.41},
   issn = {0006-3444},
   issue = {1},
   journal = {Biometrika},
   keywords = {Covariance adjustment,Direct adjustment,Discriminant matching,Matched sampling,Nonrandomized study,Standardization,Stratification,Subclassification},
   month = {4},
   pages = {41-55},
   publisher = {Oxford Academic},
   title = {The central role of the propensity score in observational studies for causal effects},
   volume = {70},
   url = {https://academic.oup.com/biomet/article/70/1/41/240879},
   year = {1983},
}
@article{VanderWeele2019,
   author = {Tyler J. VanderWeele},
   doi = {10.1007/S10654-019-00494-6/FIGURES/5},
   issn = {15737284},
   issue = {3},
   journal = {European Journal of Epidemiology},
   keywords = {Causal inference,Collider,Confounder,Covariate adjustment,Selection},
   month = {3},
   pages = {211-219},
   pmid = {30840181},
   publisher = {Springer Netherlands},
   title = {Principles of confounder selection},
   volume = {34},
   url = {https://link.springer.com/article/10.1007/s10654-019-00494-6},
   year = {2019},
}
@article{D'Amour2021,
   author = {Alexander D'Amour and Alexander Franks},
   doi = {10.48550/arxiv.2104.05762},
   month = {4},
   title = {Deconfounding Scores: Feature Representations for Causal Effect Estimation with Weak Overlap},
   url = {https://arxiv.org/abs/2104.05762v1},
   year = {2021},
}
@article{Nie2017,
   author = {Xinkun Nie and Stefan Wager},
   doi = {10.1093/biomet/asaa076},
   issn = {0006-3444},
   issue = {2},
   journal = {Biometrika},
   keywords = {Boosting,Causal inference,Empirical risk minimization,Kernel regression,Penalized regression},
   month = {12},
   pages = {299-319},
   publisher = {Oxford University Press (OUP)},
   title = {Quasi-Oracle Estimation of Heterogeneous Treatment Effects},
   volume = {108},
   url = {https://arxiv.org/abs/1712.04912v4},
   year = {2017},
}
@article{Künzel2019,
   author = {Sören R. Künzel and Jasjeet S. Sekhon and Peter J. Bickel and Bin Yu},
   doi = {10.1073/PNAS.1804597116/SUPPL_FILE/PNAS.1804597116.SAPP.PDF},
   issn = {10916490},
   issue = {10},
   journal = {Proceedings of the National Academy of Sciences of the United States of America},
   keywords = {Observational studies,conditional average treatment effect,heterogeneous treatment effects,minimax optimality,randomized controlled trials},
   pages = {4156-4165},
   pmid = {30770453},
   publisher = {National Academy of Sciences},
   title = {Metalearners for estimating heterogeneous treatment effects using machine learning},
   volume = {116},
   year = {2019},
}

@article{D'Amour2021Overlap,
   author = {Alexander D'Amour and Peng Ding and Avi Feller and Lihua Lei and Jasjeet Sekhon},
   doi = {10.1016/J.JECONOM.2019.10.014},
   issn = {0304-4076},
   issue = {2},
   journal = {Journal of Econometrics},
   keywords = {Causal inference,Curse of dimensionality,Information theory,Overlap},
   month = {4},
   pages = {644-654},
   publisher = {North-Holland},
   title = {Overlap in observational studies with high-dimensional covariates},
   volume = {221},
   year = {2021},
}

@article{Zigler2014,
   author = {Corwin Matthew Zigler and Francesca Dominici},
   doi = {10.1080/01621459.2013.869498/SUPPL_FILE/UASA_A_869498_SM3861.PDF},
   issn = {1537274X},
   issue = {505},
   journal = {Journal of the American Statistical Association},
   keywords = {Bayesian statistics,Causal inference,Comparative effectiveness,Model averaging},
   pages = {95-107},
   pmid = {24696528},
   publisher = {American Statistical Association},
   title = {Uncertainty in propensity score estimation: Bayesian methods for variable selection and model-averaged causal effects},
   volume = {109},
   url = {https://www.tandfonline.com/doi/abs/10.1080/01621459.2013.869498},
   year = {2014},
}
@article{Wang2012,
   author = {Chi Wang and Giovanni Parmigiani and Francesca Dominici},
   doi = {10.1111/J.1541-0420.2011.01731.X},
   issn = {1541-0420},
   issue = {3},
   journal = {Biometrics},
   keywords = {Adjustment uncertainty,Bayesian model averaging,Exposure effects,Treatment effects},
   month = {9},
   pages = {661-671},
   pmid = {22364439},
   publisher = {John Wiley & Sons, Ltd},
   title = {Bayesian Effect Estimation Accounting for Adjustment Uncertainty},
   volume = {68},
   url = {https://onlinelibrary.wiley.com/doi/full/10.1111/j.1541-0420.2011.01731.x https://onlinelibrary.wiley.com/doi/abs/10.1111/j.1541-0420.2011.01731.x https://onlinelibrary.wiley.com/doi/10.1111/j.1541-0420.2011.01731.x},
   year = {2012},
}
@article{Brookhart2006,
   author = {M. Alan Brookhart and Sebastian Schneeweiss and Kenneth J. Rothman and Robert J. Glynn and Jerry Avorn and Til Stürmer},
   doi = {10.1093/AJE/KWJ149},
   issn = {0002-9262},
   issue = {12},
   journal = {American Journal of Epidemiology},
   keywords = {Confounding factors (epidemiology),Effect modifiers (epidemiology),Models, statistical,Propensity score,Regression analysis,Simulation,Subset selection,Variable selection},
   month = {6},
   pages = {1149-1156},
   pmid = {16624967},
   publisher = {Oxford Academic},
   title = {Variable Selection for Propensity Score Models},
   volume = {163},
   url = {https://academic.oup.com/aje/article/163/12/1149/97130},
   year = {2006},
}

@article{gopalan2021omnipredictors,
  title={Omnipredictors},
  author={Gopalan, Parikshit and Kalai, Adam Tauman and Reingold, Omer and Sharan, Vatsal and Wieder, Udi},
  journal={arXiv preprint arXiv:2109.05389},
  year={2021}
}
@misc{bruns-smith2022,
  doi = {10.48550/ARXIV.2203.09557},
  url = {https://arxiv.org/abs/2203.09557},
  author = {Bruns-Smith, David and Feller, Avi},
  keywords = {Methodology (stat.ME), Machine Learning (cs.LG), Machine Learning (stat.ML), FOS: Computer and information sciences, FOS: Computer and information sciences},
  title = {Outcome Assumptions and Duality Theory for Balancing Weights},
  publisher = {arXiv},
  year = {2022},
  copyright = {Creative Commons Attribution 4.0 International}
}
@article{Kallus2020,
author = {Kallus, Nathan},
journal = {Journal of Machine Learning Research},
number = {62},
pages = {1--54},
title = {{Generalized Optimal Matching Methods for Causal Inference}},
url = {http://jmlr.org/papers/v21/19-120.html},
volume = {21},
year = {2020}
}

@misc{ben-michael2021balancing,
  doi = {10.48550/ARXIV.2110.14831},
  url = {https://arxiv.org/abs/2110.14831},
  author = {Ben-Michael, Eli and Feller, Avi and Hirshberg, David A. and Zubizarreta, José R.},
  keywords = {Methodology (stat.ME), FOS: Computer and information sciences, FOS: Computer and information sciences, 62Gxx},
  title = {The Balancing Act in Causal Inference},
  publisher = {arXiv},
  year = {2021},
  copyright = {arXiv.org perpetual, non-exclusive license}
}

@misc{Gopalan2021importance,
  doi = {10.48550/ARXIV.2103.05853},
  url = {https://arxiv.org/abs/2103.05853},
  author = {Gopalan, Parikshit and Reingold, Omer and Sharan, Vatsal and Wieder, Udi},
  keywords = {Machine Learning (cs.LG), Machine Learning (stat.ML), FOS: Computer and information sciences, FOS: Computer and information sciences},
  title = {Multicalibrated Partitions for Importance Weights},
  publisher = {arXiv},
  year = {2021},
  copyright = {Creative Commons Attribution 4.0 International}
}

@article{kim2022universal,
author = {Kim, Michael P and Kern, Christoph and Goldwasser, Shafi and Kreuter, Frauke and Reingold, Omer},
doi = {10.1073/pnas.2108097119},
journal = {Proceedings of the National Academy of Sciences},
number = {4},
pages = {e2108097119},
title = {{Universal adaptability: Target-independent inference that competes with propensity scoring}},
url = {https://www.pnas.org/doi/abs/10.1073/pnas.2108097119},
volume = {119},
year = {2022}
}

@article{Hansen2008prognostic,
 ISSN = {00063444, 14643510},
 URL = {http://www.jstor.org/stable/20441477},
 author = {Ben B. Hansen},
 journal = {Biometrika},
 number = {2},
 pages = {481--488},
 publisher = {[Oxford University Press, Biometrika Trust]},
 title = {The Prognostic Analogue of the Propensity Score},
 urldate = {2022-04-16},
 volume = {95},
 year = {2008}
}

@misc{hu2022metric,
  doi = {10.48550/ARXIV.2203.04536},
  url = {https://arxiv.org/abs/2203.04536},
  author = {Hu, Lunjia and Peale, Charlotte and Reingold, Omer},
  keywords = {Machine Learning (cs.LG), Computational Complexity (cs.CC), Data Structures and Algorithms (cs.DS), Machine Learning (stat.ML), FOS: Computer and information sciences, FOS: Computer and information sciences},
  title = {Metric Entropy Duality and the Sample Complexity of Outcome Indistinguishability},
  publisher = {arXiv},
  year = {2022},
  copyright = {arXiv.org perpetual, non-exclusive license}
}

@inproceedings{hebert2018multicalibration,
  title={Multicalibration: Calibration for the (computationally-identifiable) masses},
  author={H{\'e}bert-Johnson, Ursula and Kim, Michael and Reingold, Omer and Rothblum, Guy},
  booktitle={International Conference on Machine Learning},
  pages={1939--1948},
  year={2018},
  organization={PMLR}
}
@article{leacy2014joint,
author = {Leacy, Finbarr P and Stuart, Elizabeth A},
doi = {https://doi.org/10.1002/sim.6030},
journal = {Statistics in Medicine},
keywords = { Mahalanobis metric, bias reduction, confounding, full matching, subclassification,observational data},
number = {20},
pages = {3488--3508},
title = {{On the joint use of propensity and prognostic scores in estimation of the average treatment effect on the treated: a simulation study}},
url = {https://onlinelibrary.wiley.com/doi/abs/10.1002/sim.6030},
volume = {33},
year = {2014}
}
@article{huang2017joint,
    author = {Huang, Ming-Yueh and Chan, Kwun Chuen Gary},
    title = "{Joint sufficient dimension reduction and estimation of conditional and average treatment effects}",
    journal = {Biometrika},
    volume = {104},
    number = {3},
    pages = {583-596},
    year = {2017},
    month = {05},
    issn = {0006-3444},
    doi = {10.1093/biomet/asx028},
    url = {https://doi.org/10.1093/biomet/asx028},
    eprint = {https://academic.oup.com/biomet/article-pdf/104/3/583/23590605/asx028.pdf},
}


@article{antonelli2018double,
author = {Antonelli, Joseph and Cefalu, Matthew and Palmer, Nathan and Agniel, Denis},
doi = {https://doi.org/10.1111/biom.12887},
journal = {Biometrics},
keywords = { Double robustness, High-dimensional data, Lasso, Matching, Prognostic score, Propensity score,Causal inference},
number = {4},
pages = {1171--1179},
title = {{Doubly robust matching estimators for high dimensional confounding adjustment}},
url = {https://onlinelibrary.wiley.com/doi/abs/10.1111/biom.12887},
volume = {74},
year = {2018}
}
@misc{johansson2018learning,
  doi = {10.48550/ARXIV.1802.08598},
  url = {https://arxiv.org/abs/1802.08598},
  author = {Johansson, Fredrik D. and Kallus, Nathan and Shalit, Uri and Sontag, David},
  keywords = {Machine Learning (stat.ML), FOS: Computer and information sciences, FOS: Computer and information sciences},
  title = {Learning Weighted Representations for Generalization Across Designs},
  publisher = {arXiv},
  year = {2018},
  copyright = {arXiv.org perpetual, non-exclusive license}
}
@article{wang2022functional,
  title={Functional Calibration under Non-Probability Survey Sampling},
  author={Wang, Zhonglei and Mao, Xiaojun and Kim, Jae Kwang},
  journal={arXiv preprint arXiv:2204.09193},
  year={2022}
}
@article{kallus2020generalized,
  title={Generalized optimal matching methods for causal inference.},
  author={Kallus, Nathan},
  journal={J. Mach. Learn. Res.},
  volume={21},
  pages={62--1},
  year={2020}
}
@article{muller1997integral,
  title={Integral probability metrics and their generating classes of functions},
  author={M{\"u}ller, Alfred},
  journal={Advances in Applied Probability},
  volume={29},
  number={2},
  pages={429--443},
  year={1997},
  publisher={Cambridge University Press}
}
@article{zhao2017entropy,
  title={Entropy balancing is doubly robust},
  author={Zhao, Qingyuan and Percival, Daniel},
  journal={Journal of Causal Inference},
  volume={5},
  number={1},
  year={2017},
  publisher={De Gruyter}
}
@article{chattopadhyay2021implied,
  title={On the implied weights of linear regression for causal inference},
  author={Chattopadhyay, Ambarish and Zubizarreta, Jose R},
  journal={arXiv preprint arXiv:2104.06581},
  year={2021}
}
@article{wang2020minimal,
  title={Minimal dispersion approximately balancing weights: asymptotic properties and practical considerations},
  author={Wang, Yixin and Zubizarreta, Jose R},
  journal={Biometrika},
  volume={107},
  number={1},
  pages={93--105},
  year={2020},
  publisher={Oxford University Press}
}
@article{kallberg2022large,
  title={Large Sample Properties of Entropy Balancing Estimators of Average Causal Effects},
  author={K{\"a}llberg, David and Waernbaum, Ingeborg},
  journal={arXiv preprint arXiv:2204.10623},
  year={2022}
}

@article{nhanes,
    title ={Department of Health and Human Services, Third national health and nutrition examination survey, 1988–1994, NHANES III household adult file},
    author={HHS},
    year={1996}
}
    
@misc{nhis,
    title ={National Center for Health Statistics, Public use data tape documentation, part I,national health interview survey, 1994},
    author={NCHS},
    year={1995}
}

    
@misc{mort,
    title ={National  Center  for  Health  Statistics,  Office  of  analysis  and  epidemiology,public-use  linked  mortality  file,  2015},
    author={NCHS},
    year={1995},
    url={https://www.cdc.gov/nchs/data-linkage/mortality-public.htm}
}
